
@book{abbasbasic_2017,
  title = {Le Basi Dell'immunologia : Fisiopatologia Del Sistema Immunitario},
  author = {Abbas, Abul},
  year = {2017},
  publisher = {{Edra}},
  address = {{Milano}},
  isbn = {88-214-4255-1},
  note = {Libro di Immunologia usato per preparare l'esame}
}

@article{benedetti-1995,
  author = {al. F. Benedetti, et},
  year = {1995},
  journal = {Lancet Neurol.},
  number = {346}
}

@article{benedetti-2013,
  author = {al. F. Benedetti, et},
  year = {2013},
  journal = {Phisiology Review}
}

@article{benedetti2006,
  title = {Loss of Expectation-Related Mechanism in {{Alzheimer}}'s Disease Makes Analgesic Therapies Less Effective},
  author = {al. F. Benedetti, et},
  year = {2006},
  journal = {Pain}
}

@article{benedetti2008,
  author = {al. F. Benedetti, et},
  year = {2008},
  journal = {Ann. Rev. of Pharmacology and Toxicology}
}

@book{douglas2016macleod,
  title = {Macleod : Manuale Di Semeiotica e Metodologia Medica},
  author = {Douglas, Graham},
  year = {2016},
  publisher = {{EDRA}},
  address = {{Milano}},
  isbn = {88-214-3847-3}
}

@article{finnis2010,
  author = {Finnis, Kaptchuk, Benedetti, Miller},
  year = {2010},
  journal = {Lancet}
}

@incollection{Garrido_2001,
  title = {{{MHC}} Antigens and Tumor Escape from Immune Surveillance},
  booktitle = {Advances in Cancer Research},
  author = {Garrido, Federico and Algarra, Ignacio},
  year = {2001},
  pages = {117--158},
  publisher = {{Elsevier}},
  doi = {10.1016/s0065-230x(01)83005-0},
  url = {https://doi.org/10.1016%2Fs0065-230x%2801%2983005-0}
}

@article{gracely-1985,
  title = {Clinicians' Expectations Influcence Placebo Analgesia},
  author = {al. R. Gracely, et},
  year = {1985},
  doi = {10.1016/S0140-6736(85)90984-5},
  journal = {Lancet Medical Journal}
}

@book{gray2017anatomia,
  title = {Anatomia Del {{Gray}}: Le Basi Anatomiche per La Pratica Clinica},
  author = {Gray, Henry},
  year = {2017},
  publisher = {{Edra}},
  address = {{Milano}},
  isbn = {978-88-214-4147-9}
}

@article{Kristinsson_2013,
  title = {Long-Term Risks after Splenectomy among 8,149 Cancer-Free {{American}} Veterans: A Cohort Study with up to 27 Years Follow-Up},
  author = {Kristinsson, S. Y. and Gridley, G. and Hoover, R. N. and Check, D. and Landgren, O.},
  year = {2013},
  month = sep,
  volume = {99},
  pages = {392--398},
  publisher = {{Ferrata Storti Foundation (Haematologica)}},
  doi = {10.3324/haematol.2013.092460},
  url = {https://doi.org/10.3324%2Fhaematol.2013.092460},
  journal = {Haematologica},
  number = {2}
}

@article{medlife-placebo,
  title = {How Medical Research Gets It Wrong (Medical Bias Part 1)},
  author = {Francis, Rohin},
  year = {2018},
  url = {https://www.youtube.com/watch?v=ooWA4tM<sub>g</sub>Us}
}

@book{netter2014atlas,
  title = {Atlante Di Anatomia Umana},
  author = {Netter, Frank},
  year = {2014},
  publisher = {{Saunders/Elsevier}},
  address = {{Philadelphia, PA}},
  isbn = {978-1-4557-0418-7}
}

@book{netter2018atlas,
  title = {Atlas of Human Anatomy},
  author = {Netter, Frank},
  year = {2018},
  publisher = {{Elsevier}},
  address = {{Philadelphia, PA}},
  isbn = {978-0-323-39322-5}
}

@article{onesimo2012,
  title = {Congenital Syphilis: Remember to Not Forget},
  author = {Onesimo, Roberta and Buonsenso, Danilo and Gio{\`e}, Claudia and Valetini, Piero},
  year = {2012},
  volume = {2012},
  publisher = {{BMJ Publishing Group}},
  doi = {10.1136/bcr.01.2012.5597},
  url = {https://casereports.bmj.com/content/2012/bcr.01.2012.5597},
  elocation-id = {bcr0120125597},
  eprint = {https://casereports.bmj.com/content/2012/bcr.01.2012.5597.full.pdf},
  journal = {Case Reports}
}

@book{schunke2010thieme,
  title = {Thieme Atlas of Anatomy},
  author = {Schunke, Michael},
  year = {2010},
  publisher = {{Thieme}},
  address = {{Stuttgart New York}},
  isbn = {978-1-60406-286-1}
}


