@Book{abbasbasic_2017,
 author = {Abbas, Abul},
 title = {Le basi dell'immunologia : fisiopatologia del sistema immunitario},
 publisher = {Edra},
 year = {2017},
 address = {Milano},
 isbn = {8821442551},
 note = {Libro di Immunologia usato per preparare l'esame}
}

@article{gracely-1985,
    author="R. Gracely, et al.",
    title="Clinicians' expectations influcence placebo analgesia",
    journal="Lancet Medical Journal",
    year="1985",
    doi="https://doi.org/10.1016/S0140-6736(85)90984-5",
}

@article{benedetti-2013,
    author="F. Benedetti, et al.",
    journal="Phisiology Review",
    year="2013",
}

@article{benedetti-1995,
    author="F. Benedetti, et al.",
    year="1995",
    journal="Lancet Neurol.",
    number="346",
}

@article{finnis2010,
    author="Finnis, Kaptchuk, Miller, Benedetti",
    journal="Lancet",
    year="2010",
}

@article{benedetti2006,
    author="F. Benedetti, et al.",
    journal="Pain",
    year="2006",
    title="Loss of expectation-related mechanism in Alzheimer's disease makes analgesic therapies less effective"
}

@article{benedetti2008,
    author="F. Benedetti, et al.",
    year="2008",
    journal="Ann. Rev. of Pharmacology and Toxicology"
}

@misc{medlife-placebo,
    title="How Medical Research Gets It Wrong (Medical Bias Part 1)",
    author="Rohin Francis",
    year="2018",
    url="https://www.youtube.com/watch?v=ooWA4tM_gUs"
}

@article{Kristinsson_2013,
        doi = {10.3324/haematol.2013.092460},
        url = {https://doi.org/10.3324%2Fhaematol.2013.092460},
        year = 2013,
        month = {sep},
        publisher = {Ferrata Storti Foundation (Haematologica)},
        volume = {99},
        number = {2},
        pages = {392--398},
        author = {S. Y. Kristinsson and G. Gridley and R. N. Hoover and D. Check and O. Landgren},
        title = {Long-term risks after splenectomy among 8,149 cancer-free American veterans: a cohort study with up to 27 years follow-up},
        journal = {Haematologica}
}
